@inproceedings{wang:CIKM10,
  title={Ranking under temporal constraints},
  author={Wang, Lidan and Metzler, Donald and Lin, Jimmy},
  booktitle={Proceedings of the 19th ACM international conference on Information and knowledge management},
  pages={79--88},
  year={2010},
  organization={ACM}
}